@Article{Nelder72,
  Title                    = {{Generalized Linear Models}},
  Author                   = {Nelder, John Ashworth and Wedderburn, Robert William Maclagan},
  Journal                  = {Journal of the Royal Statistical Society. Series A (General)},
  Year                     = {1972},
  Pages                    = {370--384},
  Volume                   = {135}
}


